 @misc{1,
    author = "Manifesto for Agile Software Development",
	note="\href{http://www.agilemanifesto.org/iso/en/}{http://www.agilemanifesto.org/iso/en/}",
 }
  @misc{2,
    note = "\href{http://www.agilemanifesto.org/iso/en/principles.html}{http://www.agilemanifesto.org/iso/en/principles.html}",
    author = "Principles behind the Agile Manifesto",
 }

 @misc{3,
    note = "\href{http://fr.slideshare.net/bcollet/bruno-collet-gestiondeprojetagilesept2012}{http://fr.slideshare.net/bcollet/bruno-collet-gestiondeprojetagilesept2012}",
    author = "Bruno Collet",
	title ="Gestion de Projet agile",
 }
 
   @misc{4,
    note = "\href{http://eduscol.education.fr/sti/sites/eduscol.education.fr.sti/files/ressources/techniques/2517/2517-gestion-de-projet-agile.pdf}{http://eduscol.education.fr/}",
    title = "GÃ©rer et organiser un projet informatique",
	author = "STS IRIS", 
 }